/Users/nlsltz/workspace/self/masterthesis/thesis/thesis.bib