% Encoding: UTF-8
@Article{BormannJens2017,
  author    = {Bormann, Jens},
  title     = {Die digitalisierte GmbH},
  journal   = {Zeitschrift für Unternehmens- und Gesellschaftsrecht},
  year      = {2017},
  volume    = {46},
  number    = {5},
  pages     = {621--647},
  issn      = {0340-2479},
  abstract  = {125 Jahre nach Einführung des GmbH-Gesetzes mehren sich angesichts der zunehmenden Digitalisierung der Wirtschaft die Rufe nach einer Digitalisierung des Gesellschaftsrechts. So plant die Europäische Kommission noch in diesem Jahr die Veröffentlichung eines Legislativvorschlags, der den Einsatz digitaler Technologien für den gesamten Lebenszyklus von Unternehmen verbindlich vorschreibt. Vor diesem Hintergrund zeigt der vorliegende Beitrag auf, dass die Lebenswirklichkeit des deutschen GmbH-Rechts bereits heute durch eine Kombination von digitalen Verfahren und Präsenzverfahren geprägt ist. Dieses Kombinationsmodell beruht, wie gezeigt wird, auf einer ordnungspolitischen Grundentscheidung für ein effizientes System der vorsorgenden Rechtspflege, in dem komplexe Gesellschaftsstrukturen in öffentlichen Registern abgebildet werden und die dafür erforderliche Verlässlichkeit der zugrunde liegenden Daten durch den Notar als „Gatekeeper“ der Register gewährleistet wird. Eine vollständige Digitalisierung des GmbH-Rechts würde demgegenüber einen dramatischen Verlust and Gestaltungsfreiheit, Transparenz und Rechtssicherheit mit sich bringen, weshalb für die Aufnahme eines Präsenzvorbehalts in den Legislativvorschlag der Kommission zum Online-Lifecycle von Unternehmen plädiert wird. Der Betrag schließt mit einem Ausblick, wie eine sinnvolle Weiterentwicklung der GmbH im Zeitalter der Digitalisierung aussehen könnte.},
  publisher = {De Gruyter},
}

@Online{EPER2002,
  author       = {{Europa Parlament und Europäischer Rat}},
  title        = {{{Verordnung (EG) Nr. 178/2002 des Europäischen Parlaments und des Rates}}},
  year         = {2002},
  note         = {abgerufen am 07.02.2019},
  howpublished = {https://eur-lex.europa.eu/legal-content/DE/TXT/?uri=CELEX:32002R0178},
  publisher    = {EU},
}

@Misc{CIOWSCE2019,
  author = {{CIO Westfleisch SCE mbH}},
  title  = {Interview},
  year   = {2019},
}

@Misc{CIOMuehlenhof2019,
  author = {{CIO Mühlenhof}},
  title  = {Interview},
  year   = {2019},
}

@Online{Bundespartei,
  author       = {{Die Grünen}},
  title        = {{PFERDEFLEISCHSKANDAL: WO BLEIBEN DIE GESETZE?!}},
  year         = {2013},
  note         = {aufgerufen am 09.02.2019},
  howpublished = {http://bit.ly/2Do1Lkj},
}

@Article{BayraktarErkan2010Aeco,
  author    = {Bayraktar, Erkan and Gunasekaran, Angappa and Koh, S.C. Lenny and Tatoglu, Ekrem and Demirbag, Mehmet and Zaim, Selim},
  title     = {An efficiency comparison of supply chain management and information systems practices: a study of Turkish and Bulgarian small- and medium-sized enterprises in food products and beverages},
  journal   = {International Journal of Production Research},
  year      = {2010},
  volume    = {48},
  number    = {2},
  pages     = {425--451},
  issn      = {0020-7543},
  abstract  = {Using data envelopment analysis (DEA) this study attempts to compare the relative efficiencies of supply chain management (SCM) and information system (IS) practices of small- and medium-sized enterprises (SMEs) operating in food products and beverages in two neighbouring South East European countries, Turkey and Bulgaria. While there exist some significant differences between the efficiency level of SCM practices and the country of origin of the sample firms, no significant differences were found between the efficiency levels of both IS practices and the composite variable of SCM&amp;IS practices, and the country of origin of the SMEs. Turkish SMEs tend to achieve higher efficiency level with respect to the implementation of SCM practices. There are also significant differences in returns to scale for each group of input variables with respect to the country of origin of the SMEs. The analysis of the improvement potential of inputs indicates that Bulgarian SMEs place more emphasis on managing most of the SCM practices to enhance their SCM efficiency. However, no statistically significant differences in general were noted between both groups of firms with regard to the level of resources and efforts exerted on IS and SCM and IS practices. In terms of the overall average of output deficits, Turkish SMEs were found to have significantly higher output deficits than Bulgarian SMEs with respect to all three groups of input variables.},
  keywords  = {Data Envelopment Analysis ; Supply Chain Management ; Information Systems ; Turkey ; Bulgaria},
  publisher = {Taylor \& Francis Group},
}

@Article{HochfelderBarry2017Batf,
  author    = {Hochfelder, Barry},
  title     = {Blockchain and the food chain: a track \& trace dream team? Adopting the financial technology can make the food system safer.(FOOD (AND MORE) FOR THOUGHT)},
  journal   = {Food Logistics},
  year      = {2017},
  number    = {188},
  issn      = {1094-7450},
  keywords  = {Food Supply – Safety and Security Measures ; Food Safety – Safety and Security Measures ; Cryptocurrencies – Safety and Security Measures ; Business Logistics – Safety and Security Measures},
  language  = {eng},
  publisher = {Cygnus Business Media},
}

@Article{IzquierdoJorge2018NtOT,
  author    = {Izquierdo, Jorge},
  title     = {New tech ON THE 'BLOCK': Ensuring safety, quality and transparency through Blockchain technology.(TECH / SUPPLY CHAIN)},
  journal   = {The National Provisioner},
  year      = {2018},
  volume    = {232},
  number    = {10},
  issn      = {0027-996X},
  keywords  = {Food ; Food Safety ; Business Logistics},
  publisher = {BNP Media},
}

@Article{Yuva2017,
  author    = {Yuva, John R.},
  title     = {{BLOCKCHAIN NEXT ON FOOD SUPPLY CHAIN MENU: The food supply chain has a new ally in Blockchain to help grapple with safety and regulatory issues.(Cover story)}},
  journal   = {Food Logistics},
  year      = {2017},
  language  = {eng},
  number    = {192},
  issn      = {1094-7450},
  keywords  = {Food Supply ; Business Logistics},
  publisher = {Cygnus Business Media},
}

@Article{TanAlbert2018Ibtm,
  author    = {Tan, Albert and Xuan, Doan Thanh and Cottrill, Ken},
  title     = {Is Blockchain the missing link in the Halal supply chain?(INNoVATION STRATeGIES)},
  journal   = {Supply Chain Management Review},
  year      = {2018},
  language  = {eng},
  volume    = {22},
  number    = {3},
  issn      = {1521-9747},
  keywords  = {Food Supply ; International Trade ; Islamic Dietary Laws},
  publisher = {Peerless Media, LLC},
}

@Article{DirkS.Heyden2006MRwd,
  author    = {Dirk S. Heyden},
  title     = {Mit RFID wird die Rückverfolgung leicht gemacht},
  journal   = {LOGISTIK},
  year      = {2006},
  number    = {2},
  issn      = {1661-674X},
  abstract  = {Datenträger in grosser Vielfalt für die anwendungsgerechte Auswahl sowie Lesesysteme und Antennen für unterschiedliche Leseanforderungen machen die RFID-Systeme von Baumer Ident zur idealen Lösungen für eine durchgängige Kennzeichnung von Waren und Transporthilfsmitteln in der Lebensmittellieferkette.},
  publisher = {Swiss Professional Media AG},
}

@Article{Dr.AndreasHengseFraunhofer-AllianzFoodChainManagement2013VAbz,
  author    = {Dr. Andreas Hengse, Fraunhofer-Allianz Food Chain Management},
  title     = {Vom Acker bis zur App},
  journal   = {DVZ Deutsche Verkehrs-Zeitung},
  year      = {2013},
  number    = {BLEB},
  issn      = {0342-166X},
  abstract  = {Für eine lückenlose Überwachung der Lebensmittellieferkette ist ein System notwendig, das einen nahtlosen Fluss von Informationen ohne Medienbrüche ermöglicht. Denn es kann nur verbessert werden, was gemessen werden kann. In einem zukunftsweisenden Projekt haben Fraunhofer-Forscher den Prototypen eines Food-Chain-Management-Systems entwickelt, das eine Rückverfolgbarkeit vom Landwirt bis zum Handel ermöglicht.},
  publisher = {DVV Media Group GmbH},
}

@Article{ShethChirag2017RgSE,
  author    = {Sheth, Chirag},
  title     = {{{Rückverfolgbarkeit gibt Sicherheit Die Entschlüsselung der Sicherheitskennzeichnungen bei globalen Lebensmittellieferketten ist essentiell}}},
  journal   = {Fleischwirtschaft},
  year      = {2017},
  number    = {3},
  issn      = {0015-363X},
  abstract  = {Von Chirag Sheth Der weltweite Markt für Fertig- und Tiefkühlgerichte ist in den letzten Jahren aufgrund der Globalisierung der Lebensmittelindustrie erheblich gewachsen. Mit der Globalisierung wächst jedoch auch die Komplexität der Lebensmittellieferkette. Auf dem Hintergrund der jüngsten Skandale sinkt auch weiterhin weltweit das Vertrauen der Verbraucher in Lebensmittelmarken.},
  publisher = {dfv Mediengruppe},
}

@Article{FrankeBettina2005Goom,
  author    = {Franke, Bettina and Gremaud, Gérard and Hadorn, Ruedi and Kreuzer, Michael},
  title     = {Geographic origin of meat—elements of an analytical approach to its authentication},
  journal   = {European Food Research and Technology},
  year      = {2005},
  volume    = {221},
  number    = {3},
  pages     = {493--503},
  issn      = {1438-2377},
  abstract  = {This review article discusses recent analytical developments with respect to the determination of the geographic origin of raw meat. The main emphasis is laid on lamb, beef and poultry. So far, some methods have shown quite promising potential (e.g. stable isotope ratios, trace elements), others have remained unsatisfactory in their discriminating power to authenticate the geographic origin of meat (e.g. microbiological profile, sensory traits, volatile compounds). Other methods (e.g. animal genotype, gross chemical composition) could be auxiliary criteria as they help to determine related indicators such as feeding or housing conditions but not directly the origin. The complexity of this question is large. An integrated approach simultaneously addressing various species and production characteristics such as environment, animal husbandry conditions, breed, feeding and drinking water has to be developed. Strategies have to be different for global and micro-regional scales.},
  address   = {Berlin/Heidelberg},
  keywords  = {Authenticity ; Traceability ; Lamb ; Beef ; Poultry ; Meat ; Region},
  language  = {eng},
  publisher = {Springer-Verlag},
}

@Article{FuzesiIstvan2010FTaI,
  author   = {Fuzesi, Istvan and Herdon, Miklos and Pentek, Adam},
  title    = {Food Tracing and Interoperability of Information Systems in the Hungarian Meat Industry},
  year     = {2010},
  abstract = {<p>The manufacture, distribution and retailing of foodstuffs became an extraordinarily complex business activity. The complete food chain must provide for the implementation of the strictest quality standards and safety regulations. Problems of food safety can be solved by keeping (and enforcing) applicable regulations, by introducing modern quality assurance systems, by making possible the traceability of products and their identification. The safety of product lines and tracing of products cannot be solved without using information systems of a certain level. During our research, it came to light that, generally, agrarian traceability struggles with many more problems. Companies try to live up to expectation, but they often apply different solutions with totally different approaches, while serving several different market aspects, depending on their customers. The conception of the Digital Business Ecosystem (DBE) has come, to build an Internet-based environment in which businesses will be able to interact with each other efficiently. The DBE solutions based on community philosophy are able to create applications, which can solve most of food traceability problems.</p>},
  keywords = {Research and Development/Tech Change/Emerging Technologies ; Quality Management ; Information Systems ; Meat Industry ; Food Tracing ; Digital Business Ecosystem},
  language = {eng},
  series   = {2010},
  url      = {http://purl.umn.edu/96866},
}

@Article{ViaeneJacques1998Taak,
  author    = {Viaene, Jacques and Verbeke, Wim},
  title     = {Traceability as a key instrument towards supply chain and quality management in the Belgian poultry meat chain},
  journal   = {Supply Chain Management: An International Journal},
  year      = {1998},
  volume    = {3},
  number    = {3},
  pages     = {139--141},
  issn      = {1359-8546},
  abstract  = {<p> Discusses the restoration of consumer confidence in the Belgian meat industry through Sanitel, a traceability system that tracks products through the entire supply chain. It is a prerequisite to an effective supply chain and quality management. Discusses the process in relation to the poultry meat industry in Belgium.</p>},
  keywords  = {Agriculture ; Belgium ; Meat ; Quality Assurance ; Supply Chain ; Tracking ; Business},
  language  = {eng},
  publisher = {MCB UP Ltd},
}

@Article{YanCui2018Tima,
  author    = {Yan, Cui and Huanhuan, Feng and Ablikim, Batur and Zheng, Gu and Xiaoshuan, Zhang and Jun, Li},
  title     = {Traceability information modeling and system implementation in Chinese domestic sheep meat supply chains.(Report)},
  journal   = {Journal of Food Process Engineering},
  year      = {2018},
  volume    = {41},
  number    = {7},
  issn      = {0145-8876},
  abstract  = {To purchase or authenticate to the full-text of this article, please visit this link: http://onlinelibrary.wiley.com/doi/10.1111/jfpe.12864/abstract Byline: Cui Yan, Feng Huanhuan, Batur Ablikim, Gu Zheng, Zhang Xiaoshuan, Li Jun Abstract Traceability has become a prerequisite for ensuring meat quality and safety. It is the most critical requirement for developing a well-structured traceability system to identify efficiently and model the traceability information need to be captured. This article identified Chinese domestic sheep meat supply chain and proposed the Petri nets and UML based modeling approach for identified traceability information and process. This approach followed the definition of state and transition in sheep meat production process. An in-depth analysis was conducted for the sheep stakeholders and production flow of the sheep meat chain. The state-transition for the production process and specific traceability information need to be captured were identified including the product, process, quality, and transformation information. Furthermore, traceability functionality requirement and system architecture were presented. System evaluation results illustrate the model can help to provide guidance for standardizing meat product flow and supporting quality traceability management in meat industry. The system can provide making-decision for the meat product quality and safety control. Practical applications The proposed method could be applied widely in development of traceability system and provided making-decision for the control of meat product quality and safety. Article Note: Funding information: European Union Horizon 2020: Understanding food value chain and network dynamics, Grant/Award Number: 727243-2; National Modern Technical System for sheep industry from Ministry of agriculture and Finance, China, Grant/Award Number: CARS-38; Horizon 2020; Ministry of agriculture},
  keywords  = {Food Safety ; Business Logistics ; Meat Industry},
  language  = {eng},
  publisher = {Wiley Subscription Services, Inc.},
}

@Article{BucherHeinrich2018DTSf,
  author   = {Bucher, Heinrich},
  title    = {DNA Traceability System for Meat: A National Project of the Swiss Meat Industry},
  journal  = {Chimia},
  year     = {2018},
  volume   = {72},
  number   = {10},
  issn     = {0009-4293},
  abstract = {Swiss meat is popular in Switzerland and the Swiss consumers have great confidence in it. In order to maintain and deepen this confidence the Swiss meat industry has decided to introduce in spring 2018 a national and independent system of DNA traceability for the proof of origin of Swiss meat. With the new traceability system, it will be possible at any time to show that meat and meat products with the declaration of Swiss origin indeed stem from Swiss animals that have been kept and slaughtered in Switzerland. Due to this unequivocal proof of origin, transparency and security for the declaration of Swiss meat will be increased and the potential for cases of fraud will be minimised.},
  language = {eng},
}

@Article{ShackellGrantH.2008Titm,
  author    = {Shackell, Grant H.},
  title     = {Traceability in the meat industry - the farm to plate continuum.(Report)},
  journal   = {International Journal of Food Science and Technology},
  year      = {2008},
  volume    = {43},
  number    = {12},
  issn      = {0950-5423},
  abstract  = {To purchase or authenticate to the full-text of this article, please visit this link: http://dx.doi.org/10.1111/j.1365-2621.2008.01812.x Byline: Grant H Shackell (*) Keywords: Adding value; meat; provenance; risk; traceability Abstract: Abstract Traceability of meat and meat products is a major issue in the meat industry with the two main drivers being food safety/risk management and authentication. Increasingly, the world marketplace is indicating that traceability systems for food products derived from individual animals (e.g. steak, chops etc.) is required now or will be required in the near future. Traceability requirements for compound products, such as ground beef, are usually less strict and are frequently limited to date and place of manufacture. As global competition increases it is imperative that technologies are available that protect against, and deter, fraudulent labelling of inferior product. Traceability offers more than marketing advantages. It can be applied at every stage of the meat production continuum and can be just as valuable to farmers and processors as it is to marketers and consumers. Article History: (Received 3 April 2008; Accepted in revised form 7 July 2008) Article note: (*) E-mail: grant.shackell@agresearch.co.nz},
  keywords  = {Food Safety ; Meat Industry ; Food},
  language  = {English},
  publisher = {Blackwell Publishers Ltd.},
}

@InProceedings{KuhneBianka2009FCNa,
  author    = {Kuhne, Bianka and Gellynck, Xavier},
  title     = {Food Chain Networks as a Leverage for Innovation Capacity},
  booktitle = {International European Forum on System Dynamics and Innovation in Food Networks>2009 International European Forum, February 15-20, 2009, Innsbruck-Igls, Austria},
  year      = {2009},
  abstract  = {<p>Chain networks of manufacturers of traditional food products comprehend a large majority of micro-, small-, and medium-sized enterprises (SMEs – firms employing less than 250 people). In a more and more globalised market with increasing competition, innovation is an important strategic tool for SMEs to achieve competitive advantage (Avermaete et al., 2004a, Gellynck et al., 2007, Murphy, 2002). Innovation can be defined as an ongoing process of learning, searching and exploring, resulting in new products, new techniques, new forms of organisation and new markets (Lundvall, 1995) which are new to the firm and to the industry ranging from incremental to radical innovations. Within our study traditional food products are defined according to four criteria: (1) the key production steps of a traditional food product must be performed in a certain area, which can be national, regional or local. (2) The traditional food product must be authentic in its recipe (mix of ingredients), origin of raw material, and/or production process. Further, (3) the traditional food product must have been commercially available for at least 50 years and (4) it must be part of the gastronomic heritage.</p>},
  keywords  = {Agribusiness ; Agricultural and Food Policy ; Farm Management ; Food Consumption/Nutrition/Food Safety ; Risk and Uncertainty},
  language  = {eng},
  url       = {http://purl.umn.edu/59200},
}

@Article{SchlundJonas2018,
  author    = {Schlund, Jonas},
  title     = {Blockchain-based orchestration of distributed assets in electrical power systems},
  journal   = {Energy Informatics},
  year      = {2018},
  language  = {eng},
  volume    = {1},
  number    = {Supplement 1},
  pages     = {411--416},
  issn      = {2520-8942},
  abstract  = {For historical reasons, power systems are designed, controlled and operated centrally. A coordination of the rising number of increasingly heterogeneous, small-scale and citizen- or company-owned assets is not possible with this approach, especially not in the distribution system. The goal of the PhD project presented in this extended abstract is to find out how well distributed approaches perform in orchestrating distributed assets in future power systems from a holistic point of view in comparison to centralized approaches. The research questions are defined and the planned methodology of the project is presented. The most promising use cases in this context are identified, the concept of a decentralized virtual power plant is proposed as a new use case for providing flexibility with small-scale assets and the first ideas for an evaluation framework are presented. Next steps in the project are refining the evaluation framework and evolving the yet existing lab setups. Once these are completed, simulation models can be developed and the main research questions can be answered in detail.},
  address   = {Cham},
  keywords  = {Decentralized power supply ; Distributed ledger technology ; Blockchain ; Cellular concept ; Renewable energies},
  publisher = {Springer International Publishing},
}

@Article{Technik2018,
  author    = {Markt \& Technik},
  title     = {{Was die Industrie-Blockchain wirklich kann}},
  journal   = {Markt \& Technik},
  year      = {2018},
  number    = {17},
  issn      = {0344-8843},
  publisher = {WEKA Fachzeitschriftenverlag GmbH},
}

@TechReport{Gampl2006,
  author      = {Gampl, Birgit},
  title       = {{Rückverfolgbarkeit von Lebensmitteln: Eine empirische Analyse kettenübergreifender Informationssysteme}},
  institution = {Christian-Albrechts-University of Kiel, Department of Agricultural Economics, Section Innovation and Information},
  year        = {2006},
  type        = {I\&I Working Paper},
  number      = {02/2006},
  abstract    = {Die BSE-Krise in den 90er Jahren zeigte, dass Rückverfolgbarkeit von Lebensmitteln häufig nicht gewährleistet war und Rückverfolgbarkeit wurde zu einem viel diskutierten Thema. Mit Schlagworten wie gläserne Produktion und Transparenz vom Stall bis zum Teller wurden die Forderungen nach Rückverfolgbarkeit von der Politik untermauert. Artikel 18 der EUVerordnung 178/2002 schreibt vor, dass Rückverfolgbarkeit gewährleistet sein muss, indem die jeweiligen Informationen auf jeder Produktionsstufe zusammengeführt werden. Dies kann ein langwieriger und schwieriger Prozess sein. Einige Anbieterketten gehen über diese gesetzlichen Forderungen hinaus und haben ein Informationssysteme aufgebaut, bei dem alle relevanten Informationen zentral gesammelt werden. Rückverfolgbarkeit ist damit praktisch auf Knopfdruck möglich. Ein wichtiger Vorteil solcher Systeme besteht darin, dass sie in einer Krisensituation schnell in der Lage sind, die benötigten Informationen bereitzustellen. Damit ist es ihnen vor allem möglich, schneller zu reagieren als die Medien das Problem aufgreifen können und daraus möglicherweise einen Skandal entwickeln können. Solche stufenübergreifenden Systeme werden oft beispielhaft herausgehoben und beschrieben (Buhr 2002, Poignée et al. 2002). Eine umfassende Erhebung, welche übergreifenden Rückverfolgungssysteme es gibt, wie deren Informationsaustausch funktioniert, welche Standards zum Informationssaustausch genutzt werden und welche Vorteile solche übergreifenden Systeme bieten, fehlte jedoch bisher. Die vorliegende Arbeit setzt an diesem Punkt an und fasst einige Ergebnisse aus einem Forschungsprojekt am Institut für Agrarökonomie der Universität Kiel zusammen. Die vollständige Arbeit ist im Oktober 2006 im Cuvillier Verlag erschienen (Gampl 2006).},
  url         = {https://EconPapers.repec.org/RePEc:zbw:cauiiw:022006},
}

@Book{Bracht2011,
  title     = {{Digitale Fabrik: Methoden und Praxisbeispiele}},
  publisher = {Springer Berlin Heidelberg},
  year      = {2011},
  author    = {Bracht, Uwe and Geckler, Dieter and Wenzel, Sigrid},
  series    = {VDI-Buch},
  address   = {Berlin, Heidelberg},
  isbn      = {978-3-540-89038-6},
  booktitle = {Digitale Fabrik},
  keywords  = {Engineering -- Industrial and Production Engineering; Engineering -- Computer-Aided Engineering (CAD, CAE) and Design; Engineering -- Simulation and Modeling; Engineering -- Engineering Design; Engineering -- Innovation/Technology Management},
  language  = {deu},
}

@InProceedings{Vangulick2018,
  author   = {Vangulick, David and Cornélusse, Bertrand and Ernst, Damien},
  title    = {Blockchain for peer-to-peer energy exchanges: design and recommendations},
  year     = {2018},
  language = {eng},
  abstract = {Energy communities and peer-to-peer energy exchanges are expected to play an important role in the energy transition. In this context, the Blockchain approach can be employed to foster this decentralized energy market. Our goal is to determine the design that should allow a Distribution System Operator (DSO) to accept peer-to-peer energy exchanges based on a distributed ledger supported by the Blockchain technology. To this end, we evaluate several designs based on criteria such as the acceptance of the wholesale/retail market, the resilience of the consensus to approve a block, the accuracy, traceability, privacy and security of the proposed schemes.},
  keywords = {Blockchain ; Design Comparison ; Dso Requirements ; Energy Community ; Engineering, Computing & Technology :: Energy ; Ingénierie, Informatique & Technologie :: Energie ; Engineering, Computing & Technology :: Computer Science ; Ingénierie, Informatique & Technologie :: Sciences Informatiques},
}

@InBook{Boege2009,
  pages     = {1461--1472},
  title     = {{Produktionslogistik mit ERP-Systemen}},
  publisher = {Vieweg+Teubner},
  year      = {2009},
  author    = {Böge, Alfred},
  address   = {Wiesbaden},
  edition   = {19., überarbeitete und erweiterte Auflage},
  isbn      = {9783834804877},
  abstract  = {<p>Im Folgenden werden die Teilprozesse der Produktionslogistik bei Eigenfertigung unter Einsatz des ERP-Systems SAP R/3 beschrieben. Dabei wird die häufigste Fertigungsart, die kundenanonyme Losfertigung, zugrundegelegt.</p>},
  booktitle = {Handbuch Maschinenbau: Grundlagen und Anwendungen der Maschinenbau-Technik},
  keywords  = {Engineering ; Mechanical Engineering ; Engineering},
  language  = {ger},
}

@Article{Thomas2015,
  author   = {Thomas, Oliver and Zarvi{\'{c}}, Novica and Brezl, J{\"o}rg and Brockschmidt, Michael and Fellmann, Michael},
  title    = {{Lebensmittelindustrie 4.0 -- Cyber-physische Produktionssysteme zur sicheren und unverfälschbaren Datenverarbeitung}},
  journal  = {HMD Praxis der Wirtschaftsinformatik},
  year     = {2015},
  volume   = {52},
  number   = {5},
  pages    = {759--768},
  month    = {Oct},
  issn     = {2198-2775},
  abstract = {Industrie 4.0 steht f{\"u}r eine neue Stufe der Integration der IT in industrielle Produktionsprozesse. Am Beispiel der Lebensmittelbranche k{\"o}nnen durch neue Hard- und Softwarekomponenten cyber-physische Produktionssysteme (CPPS) entstehen, die erstmals eine l{\"u}ckenlose Nachweisbarkeit innerhalb der Erzeugungsprozesse sicherstellen. Zudem k{\"o}nnen F{\"a}lschungen verhindert und eine durchg{\"a}ngige Gesetzeskonformit{\"a}t gew{\"a}hrleistet werden. Der im vorliegenden Beitrag vorgestellte L{\"o}sungsansatz zeigt anhand eines konkreten Beispiels aus der fleischverarbeitenden Industrie, wie Schlachtk{\"o}rper irreversibel mit einem physischen Marker mit innenliegendem RFID-Tag verbunden werden k{\"o}nnen. Der Marker bildet die zentrale Komponente des entstehenden CPPS. Vollautomatisierte Schlachth{\"o}fe k{\"o}nnen von dem Ansatz insoweit profitieren, als dass eine untrennbare Kopplung zwischen Produkt und dazugeh{\"o}rigen Daten geschaffen wird, welche sowohl Nachvollziehbarkeit als auch {\"U}berpr{\"u}fbarkeit erm{\"o}glicht.},
  day      = {01},
  doi      = {10.1365/s40702-015-0172-y},
  url      = {https://doi.org/10.1365/s40702-015-0172-y},
}

@Article{Lindemann2006,
  author  = {Lindemann, Staatssekret{\"a}r Gert},
  title   = {Lebensmittelsicherheit in der EU und in Deutschland -- Vom Acker oder Stall bis zum Tisch des Verbrauchers},
  journal = {Journal f{\"u}r Verbraucherschutz und Lebensmittelsicherheit},
  year    = {2006},
  volume  = {1},
  number  = {2},
  pages   = {71--72},
  month   = {May},
  issn    = {1661-5751},
  day     = {01},
  doi     = {10.1007/s00003-006-0011-8},
  url     = {https://doi.org/10.1007/s00003-006-0011-8},
}

@Book{Gayvoronskaya2017,
  title     = {Blockchain Hype oder Innovation},
  publisher = {Universitaetsverlag Potsdam},
  year      = {2017},
  author    = {Gayvoronskaya, Tatiana and Meinel, Christoph and Schnjakin, Maxim},
  address   = {Potsdam},
  isbn      = {978-3-86956-394-7},
}

@Online{Welzel2017,
  author       = {Welzel, Christian and others},
  title        = {{OEFIT-Trendschau: Oeffentliche Informationstechnologie in der digitalisierten Gesellschaft - Blockchain}},
  howpublished = {http://bit.ly/2ID2Zcb},
  year         = {2017},
  note         = {abgerufen am 30.06.2018},
  publisher    = {Fromm, Jens and Weber, Mike},
}

@Online{Nakamoto2009,
  author       = {Satoshi Nakamoto},
  title        = {{Bitcoin: A Peer-to-Peer Electronic Cash System}},
  howpublished = {http://bit.ly/2KL3zWM},
  year         = {2009},
  note         = {abgerufen am 23.05.2018},
  publisher    = {Satoshi Nakamoto},
}

@Book{Drescher2017,
  title     = {{Blockchain Grundlagen : Eine Einführung in die elementaren Konzepte in 25 Schritten}},
  publisher = {mitp},
  year      = {2017},
  author    = {Drescher, Daniel},
  address   = {Frechen},
  edition   = {1. Auflage.},
  isbn      = {9783958456532},
  issn      = {9783958456556},
  keywords  = {Blockchain; Datenmanagement; Datensicherung; Elektronischer Zahlungsverkehr; Datensicherheit; Internet; Share Economy; s Blockchain; s Datenmanagement; s Datensicherung; s Elektronischer Zahlungsverkehr},
  language  = {ger},
}

@Online{Energie-Agentur2018,
  author       = {Deutsche Energie-Agentur},
  title        = {{Revolutioniert Blockchain die Energiewirtschaft?}},
  year         = {2018},
  note         = {abgerufen am 23.05.2018},
  howpublished = {http://bit.ly/2KO3EsE},
  publisher    = {Deutsche Energie-Agentur},
}

@Online{Mitschele2018,
  author       = {Prof. Dr. Andreas Mitschele},
  title        = {{Blockchain}},
  howpublished = {http://bit.ly/2KAc2ML},
  year         = {2018},
  note         = {abgerufen am 30.06.2018},
  publisher    = {Gabler Wirtschaftslexikon},
}

@Book{Narayanan2016,
  title     = {Bitcoin and cryptocurrency technologies : a comprehensive introduction},
  publisher = {Princeton University Press},
  year      = {2016},
  author    = {Narayanan, Arvind},
  address   = {Princeton, New Jersey},
  isbn      = {978-0-691-17169-2},
}

@Online{Baird2016,
  author       = {Leemon Baird},
  title        = {{The Swirlds HashGraph Consensus Algorithm: Fair, Fast, Byzantine Fault Tolerance}},
  howpublished = {http://bit.ly/2KjoKDj},
  year         = {2016},
  note         = {abgerufen am 30.06.2018},
  publisher    = {Leemon Baird},
}

@Online{carVertical,
  author       = {carVertical},
  title        = {Whitepaper},
  year         = {2017},
  note         = {aufgerufen am 05.04.2018},
  howpublished = {https://www.carvertical.com/carvertical-whitepaper.pdf?updated=20171224},
}

@Online{Cardano2017,
  author       = {Cardano},
  title        = {{Why we are building Cardano}},
  year         = {2017},
  note         = {aufgerufen am 05.04.2018},
  howpublished = {https://goo.gl/4xcTW1},
}

@Online{Cofinpro2016,
  author       = {Cofinpro},
  title        = {{Wo sehen Sie Hürden für die Blockchain-Technologie?}},
  year         = {2016},
  note         = {aufgerufen am 05.04.2018},
  howpublished = {https://goo.gl/Z5EMkY},
}

@Online{Elliott2017,
  author       = {Elliott, Timo},
  title        = {SAP Leonardo isn’t a product — here’s why that’s important!},
  year         = {2017},
  note         = {aufgerufen am 05.04.2018},
  howpublished = {https://goo.gl/xUspvH},
}

@Online{Patnaik2009,
  author       = {Dev Patnaik},
  title        = {{Forget Design Thinking and Try Hybrid Thinking}},
  howpublished = {https://goo.gl/HJBSLT},
  year         = {2009},
  note         = {abgerufen am 16.04.2018},
  publisher    = {Fast Company},
}

@Online{UnternehmensbetreuungmbH2017,
  author       = {IDEA TV Gesellschaft für kommunikative Unternehmensbetreuung mbH},
  title        = {{Digitalisierung und Industrie 4.0 als Treiber}},
  howpublished = {http://bit.ly/2GIy8tJ},
  year         = {2017},
  note         = {abgerufen am 23.05.2018},
  publisher    = {IDEA TV Gesellschaft für kommunikative Unternehmensbetreuung mbH},
}

@Article{Diffie1976,
  author  = {Diffie, W. ; Hellman, M. E.},
  title   = {{New Directions in Cryptography}},
  journal = {IEEE Transactions on Information Theory},
  year    = {1976},
  volume  = {22},
  number  = {6},
  pages   = {644-654},
}

@InBook{Steinmetz2005,
  pages     = {9--16},
  title     = {2. What Is This ``Peer-to-Peer'' About?},
  publisher = {Springer Berlin Heidelberg},
  year      = {2005},
  author    = {Steinmetz, Ralf and Wehrle, Klaus},
  author    = {Steinmetz, Ralf and Wehrle, Klaus},
  address   = {Berlin, Heidelberg},
  isbn      = {978-3-540-32047-0},
  abstract  = {Currently, a new and highly interesting paradigm for communication on the Internet, known as Peer-to-Peer (P2P), is emerging. Although originally designed exclusively for pragmatic (and legally controversial) file swapping applications, Peer-to-Peer mechanisms can be used to access any kind of distributed resources and may offer new possibilities for Internet-based applications.},
  booktitle = {Peer-to-Peer Systems and Applications},
  doi       = {10.1007/11530657_2},
  url       = {https://doi.org/10.1007/11530657_2},
}

@Online{SAP2018,
  author       = {{SAP SE}},
  title        = {{SAP Cloud Platform: Overview}},
  year         = {2018},
  note         = {abgerufen am 16.04.2018},
  howpublished = {https://goo.gl/PuZgLz},
  publisher    = {SAP SE},
}

@Online{Buterin2014,
  author       = {Vitalik Buterin},
  title        = {{White Paper}},
  howpublished = {http://bit.ly/2KOC6mK},
  year         = {2014},
  note         = {abgerufen am 23.05.2018},
  publisher    = {Ethereum},
}


@Book{Platzer2014,
  title     = {Bitcoin : kurz \& gut},
  publisher = {O'Reilly Verlag},
  year      = {2014},
  author    = {Platzer, Joerg},
  address   = {Köln},
  isbn      = {3955616509},
}

@Online{EnergieAgentur2016,
  author       = {Deutsche Energie-Agentur},
  title        = {{Blockchain: Energiewirtschaft bereitet sich auf neues digitales Verfahren für Transaktionen vor}},
  howpublished = {https://goo.gl/EdE2Ha},
  year         = {2016},
  note         = {abgerufen am 05.04.2018},
  publisher    = {Deutsche Energie-Agentur},
}

@Online{Gartner2017,
  author       = {Panetta, Kasey},
  title        = {{Top Trends in the Gartner Hype Cycle for Emerging Technologies, 2017}},
  howpublished = {https://goo.gl/acfrrr},
  year         = {2017},
  note         = {abgerufen am 05.04.2018},
  publisher    = {Gartner, Inc.},
}

@Online{Vigna2017,
  author       = {Vigna, Paul and Demos, Telis and Hoffman, Liz},
  title        = {Goldman Sachs Explores a New World: Trading Bitcoin},
  year         = {2017},
  note         = {aufgerufen am 05.04.2018},
  howpublished = {https://goo.gl/1k7dgV},
}

@Online{JPMorgan2018,
  author       = {J.P.Morgan, Inc.},
  title        = {Blockchain},
  howpublished = {https://goo.gl/pQ23Fb},
  year         = {2017},
  note         = {abgerufen am 05.04.2018},
  publisher    = {J.P.Morgan, Inc.},
}

@Online{BCBundesverband2018,
  author       = {Florian Glatz, Friederike Ernst, Joachim Lohkamp},
  title        = {{Deutsche Regierung setzt auf Blockchain}},
  howpublished = {https://goo.gl/qzFfhE},
  year         = {2018},
  note         = {abgerufen am 05.04.2018},
  publisher    = {Blockchain Bundesverband e.V.},
}

@Article{Wu2017,
  author   = {Wu, Haoyan and Li, Zhijie and King, Brian and Ben Miled, Zina and Wassick, John and Tazelaar, Jeffrey},
  title    = {A Distributed Ledger for Supply Chain Physical Distribution Visibility},
  journal  = {Information},
  year     = {2017},
  volume   = {8},
  number   = {4},
  issn     = {2078-2489},
  doi      = {10.3390/info8040137},
  url      = {http://www.mdpi.com/2078-2489/8/4/137},
  abstract = {Supply chains (SC) span many geographies, modes and industries and involve several phases where data flows in both directions from suppliers, manufacturers, distributors, retailers, to customers. This data flow is necessary to support critical business decisions that may impact product cost and market share. Current SC information systems are unable to provide validated, pseudo real-time shipment tracking during the distribution phase. This information is available from a single source, often the carrier, and is shared with other stakeholders on an as-needed basis. This paper introduces an independent, crowd-validated, online shipment tracking framework that complements current enterprise-based SC management solutions. The proposed framework consists of a set of private distributed ledgers and a single Blockchain public ledger. Each private ledger allows the private sharing of custody events among the trading partners in a given shipment. Privacy is necessary, for example, when trading high-end products or chemical and pharmaceutical products. The second type of ledger is a Blockchain public ledger. It consists of the hash code of each private event in addition to monitoring events. The latter provide an independently validated immutable record of the pseudo real-time geolocation status of the shipment from a large number of sources using commuters-sourcing.},
}

@Book{Neugebauer2018,
  title     = {Digitalisierung - Schlüsseltechnologien für Wirtschaft und Gesellschaft},
  publisher = {Springer Berlin Heidelberg},
  year      = {2018},
  author    = {Reimund Neugebauer},
}

@Article{Grimm2017,
  author  = {Grimm, R{\"u}diger and Heinemann, Andreas},
  title   = {Alle reden {\"u}ber Blockchain},
  journal = {Datenschutz und Datensicherheit - DuD},
  year    = {2017},
  volume  = {41},
  number  = {8},
  pages   = {469--469},
  month   = {Aug},
  issn    = {1862-2607},
  day     = {01},
  doi     = {10.1007/s11623-017-0813-0},
  url     = {https://doi.org/10.1007/s11623-017-0813-0},
}

@Article{Sillaber2017,
  author   = {Sillaber, Christian and Waltl, Bernhard},
  title    = {Life Cycle of Smart Contracts in Blockchain Ecosystems},
  journal  = {Datenschutz und Datensicherheit - DuD},
  year     = {2017},
  volume   = {41},
  number   = {8},
  month    = {Aug},
  pages    = {497--500},
  issn     = {1862-2607},
  doi      = {10.1007/s11623-017-0819-7},
  url      = {https://doi.org/10.1007/s11623-017-0819-7},
  abstract = {This paper discusses the life cycle of decentralized smart contracts, i.e. digital and executable representations of rights and obligations in a multi-party environment. The life cycle relies on Blockchain technology, i.e. a distributed digital ledger, to ensure proper implementation and integrity of the smart contracts. The life cycle consists of four subsequent phases: Creation, freezing, execution, and finalization. For each phase actors and technological services are identified and explained in detail. With the life cycle at hand, risks and limitations of smart contracts and the underlying Blockchain technology are briefly discussed.},
  day      = {01},
}

@Article{Buhl2017,
  author  = {Buhl, Hans Ulrich and Schweizer, Andre and Urbach, Nils},
  title   = {{Blockchain-Technologie als Schlüssel für die Zukunft?}},
  journal = {Zeitschrift für das gesamte Kreditwesen},
  year    = {2017},
  volume  = {70},
  pages   = {596-599},
}

@Article{GresaKastrati2016,
  author  = {Gresa Kastrati, Christoph Weissbart},
  title   = {Kurz zum Klima: Blockchain - Potenziale und Herausforderungen für den Strommarkt},
  journal = {Ifo-Schnelldienst},
  year    = {2016},
  volume  = {69},
  pages   = {74-77},
}

@Book{Gentsch2018,
  title     = {Künstliche Intelligenz für Sales, Marketing und Service: Mit AI und Bots zu einem Algorithmic Business - Konzepte, Technologien und Best Practices},
  publisher = {Springer Fachmedie Wiesbaden},
  year      = {2018},
  author    = {Peter Gentsch},
}

@Conference{PeterKenning2018,
  author    = {Peter Kenning, Jörn Lamla},
  title     = {Dokumentation der Jahreskonferenz des Netzwerks Verbraucherforschung},
  booktitle = {Entgrenzungen des Konsums},
  year      = {2018},
}

@Article{Maull2017,
  author  = {Roger Maull and Phil Godsiff and Catherine Mulligan anD Alan Brown and Beth Kewell},
  title   = {Distributed ledger technology: Applications and implications},
  journal = {Strategic Change},
  year    = {2017},
  volume  = {26},
  number  = {5},
  month   = sep,
  pages   = {481-489},
}

@Article{Egelund-Mueller2017,
  author   = {Egelund-M{\"u}ller, Benjamin and Elsman, Martin and Henglein, Fritz and Ross, Omri},
  title    = {Automated Execution of Financial Contracts on Blockchains},
  journal  = {Business {\&} Information Systems Engineering},
  year     = {2017},
  volume   = {59},
  number   = {6},
  pages    = {457--467},
  month    = {Dec},
  issn     = {1867-0202},
  abstract = {The paper investigates financial contract management on distributed ledgers and provides a working solution implemented on the Ethereum blockchain. The system is based on a domain-specific language for financial contracts that is capable of expressing complex multi-party derivatives and is conducive to automated execution. The authors propose an architecture for separating contractual terms from contract execution: a contract evaluator encapsulates the syntax and semantics of financial contracts without actively performing contractual actions; such actions are handled by user-definable contract managers that administer strategies for the execution of contracts. Hosting contracts and contract managers on a distributed ledger, side-by-side with digital assets, facilitates automated settlement of commitments without the need for an intermediary. The paper discusses how the proposed technology may change the way financial institutions, regulators, and individuals interact in a financial system based on distributed ledgers.},
  day      = {01},
  doi      = {10.1007/s12599-017-0507-z},
  url      = {https://doi.org/10.1007/s12599-017-0507-z},
}

@Article{Risius2017,
  author   = {Risius, Marten and Spohrer, Kai},
  title    = {A Blockchain Research Framework},
  journal  = {Business {\&} Information Systems Engineering},
  year     = {2017},
  volume   = {59},
  number   = {6},
  month    = {Dec},
  pages    = {385--409},
  issn     = {1867-0202},
  doi      = {10.1007/s12599-017-0506-0},
  url      = {https://doi.org/10.1007/s12599-017-0506-0},
  abstract = {While Blockchain technology is commonly considered potentially disruptive in various regards, there is a lack of understanding where and how Blockchain technology is effectively applicable and where it has mentionable practical effects. This issue has given rise to critical voices that judge the technology as over-hyped. Against this backdrop, this study adapts an established research framework to structure the insights of the current body of research on Blockchain technology, outline the present research scope as well as disregarded topics, and sketch out multidisciplinary research approaches. The framework differentiates three groups of activities (design and features, measurement and value, management and organization) at four levels of analysis (users and society, intermediaries, platforms, firms and industry). The review shows that research has predominantly focused on technological questions of design and features, while neglecting application, value creation, and governance. In order to foster substantial Blockchain research that addresses meaningful questions, this study identifies several avenues for future studies. Given the breadth of open questions, it shows where research can benefit from multidisciplinary collaborations and presents data sources as starting points for empirical investigations.},
  day      = {01},
}

@Article{Achenbach2017,
  author   = {Achenbach, Dirk and Baumgart, Ingmar and Rill, Jochen},
  title    = {Die Blockchain im Rampenlicht},
  journal  = {Datenschutz und Datensicherheit - DuD},
  year     = {2017},
  volume   = {41},
  number   = {11},
  month    = {Nov},
  pages    = {673--677},
  issn     = {1862-2607},
  doi      = {10.1007/s11623-017-0856-2},
  url      = {https://doi.org/10.1007/s11623-017-0856-2},
  abstract = {Es gibt verschiedene Auspr{\"a}gungen der Blockchain-Technologie; einige davon wurden in DuD 8/2017 vorgestellt. Sie unterscheiden sich insbesondere in den ihnen zugrundeliegenden (Sicherheits-) Annahmen und Mechanismen. Daher darf die Blockchain nicht als Universaltechnologie gesehen werden--die Gr{\"u}nde daf{\"u}r diskutieren die Autoren im vorliegenden Beitrag.},
  day      = {01},
}

@Article{Pesch2017,
  author   = {Pesch, Paulina and B{\"o}hme, Rainer},
  title    = {Datenschutz trotz {\"o}ffentlicher Blockchain?},
  journal  = {Datenschutz und Datensicherheit - DuD},
  year     = {2017},
  volume   = {41},
  number   = {2},
  pages    = {93--98},
  month    = {Feb},
  issn     = {1862-2607},
  abstract = {In ihrem im Juli 2016 vorgestellten Vorschlag zur Anpassung der Geldw{\"a}sche-Richtlinie sieht die Europ{\"a}ische Kommission die Einbeziehung virtueller W{\"a}hrungen und damit von Bitcoins vor. Dies gibt Anlass, die Verfolgung und Pr{\"a}vention Bitcoin-bezogener Straftaten --- mit besonderem Blick auf den Schutz personenbezogener Daten --- n{\"a}her zu beleuchten.},
  day      = {01},
  doi      = {10.1007/s11623-017-0735-x},
  url      = {https://doi.org/10.1007/s11623-017-0735-x},
}

@Book{MacGregor2014,
  title     = {Predictive Analysis with SAP{\textregistered} : The Comprehensive Guide},
  publisher = {SAP Press},
  year      = {2014},
  author    = {MacGregor, John},
}

@Book{Liebstueckel2017,
  title     = {Instandhaltung mit SAP : das Praxishandbuch},
  publisher = {Rheinwerk Verlag},
  year      = {2017},
  author    = {Karl Liebstückel},
}

@Book{Ertel2016,
  title     = {Grundkurs Künstliche Intelligenz : Eine praxisorientierte Einführung},
  publisher = {Wiesbaden : Springer Vieweg},
  year      = {2016},
  author    = {Ertel, Wolfgang},
  file      = {:/Users/nlsltz/Downloads/Grundkurs Künstliche Intelligenz.pdf:PDF},
}

@Book{Beierle2014,
  title     = {Methoden wissensbasierter Systeme : Grundlagen, Algorithmen, Anwendungen},
  publisher = {Wiesbaden : Springer Vieweg},
  year      = {2014},
  author    = {Beierle, Christoph},
  file      = {:/Users/nlsltz/Downloads/Methoden Wissensbasierter Systeme.pdf:PDF},
}

@Book{Ester2000,
  title     = {Knowledge discovery in databases : Techniken und Anwendungen},
  publisher = {Berlin [u.a.] : Springer},
  year      = {2000},
  author    = {Ester, Martin},
}

@Book{Backhaus2016,
  title     = {Multivariate Analysemethoden : Eine anwendungsorientierte Einführung},
  publisher = {Berlin ; Heidelberg : Springer Gabler},
  year      = {2016},
  author    = {Backhaus, Klaus},
  file      = {:/Users/nlsltz/Downloads/Multivariate Analysemethoden.pdf:PDF},
}

@Book{Sendler2016,
  title     = {Industrie 4.0 grenzenlos},
  publisher = {Berlin : Springer Vieweg},
  year      = {2016},
  author    = {Sendler, Ulrich},
  file      = {:/Users/nlsltz/Downloads/Industrie 4.0 grenzenlos.pdf:PDF},
}

@Article{Gervais2014,
  author   = {A. Gervais and G. O. Karame and V. Capkun and S. Capkun},
  title    = {Is Bitcoin a Decentralized Currency?},
  journal  = {IEEE Security Privacy},
  year     = {2014},
  volume   = {12},
  number   = {3},
  pages    = {54-60},
  month    = {May},
  issn     = {1540-7993},
  doi      = {10.1109/MSP.2014.49},
  keywords = {foreign exchange trading;bitcoin;decentralized currency;low-cost virtual currency system;Cryptography;Internet;Online banking;Peer-to-peer computing;Proposals;Bitcoin;decentralized decision process;privacy;security},
}

@Article{Wiefling2017,
  author   = {Wiefling, Stephan and Lo Iacono, Luigi and Sandbrink, Frederik},
  title    = {Anwendung der Blockchain au{\ss}erhalb von Geldw{\"a}hrungen},
  journal  = {Datenschutz und Datensicherheit - DuD},
  year     = {2017},
  volume   = {41},
  number   = {8},
  month    = {Aug},
  pages    = {482--486},
  issn     = {1862-2607},
  doi      = {10.1007/s11623-017-0816-x},
  url      = {https://doi.org/10.1007/s11623-017-0816-x},
  abstract = {Der Beitrag stellt Konzepte und Modelle von Blockchain-Anwendungen au{\ss}erhalb des Finanzbereichs vor. Die Anwendungsgebiete reichen derzeit vom Schutz pers{\"o}nlicher Daten bis zur Sicherung und {\"U}berwachung von Nahrungsmittelproduktionsketten.},
  day      = {01},
}

@Book{Manzei2016,
  title     = {Industrie 4.0 im internationalen Kontext : Kernkonzepte, Ergebnisse, Trends},
  publisher = {Berlin},
  year      = {2016},
  author    = {Manzei, Christian ; Schleupner, Linus ; Heinze, Ronald},
  isbn      = {ISBN 3-8007-3671-3},
  pages     = {261 Seiten : Illustrationen, Diagramme},
}

@Book{Roth2016,
  title     = {Einführung und Umsetzung von Industrie 4.0 : Grundlagen, Vorgehensmodell und Use Cases aus der Praxis},
  publisher = {Berlin},
  year      = {2016},
  author    = {Roth, Armin},
  isbn      = {ISBN 3-662-48504-4},
  pages     = {VIII, 272 Seiten : Illustrationen, Diagramme},
  url       = {http://www.springer.com/},
}

@Book{Sendler2013,
  title     = {Industrie 4.0 : Beherrschung der industriellen Komplexität mit SysLM},
  publisher = {Berlin [u.a.] : Springer Vieweg},
  year      = {2013},
  author    = {Sendler, Ulrich},
  isbn      = {ISBN 3-642-36916-2},
  pages     = {XII, 144 S. : Ill., graph. Darst.},
}

@Book{Huber2016,
  title     = {Industrie 4.0 in der Automobilproduktion},
  publisher = {Springer},
  year      = {2016},
  author    = {Huber, Walter},
}

@Book{Kurzweil2012,
  title     = {How to create a mind: The secret of human thought revealed},
  publisher = {Penguin},
  year      = {2012},
  author    = {Kurzweil, Ray},
}

@Book{Martin2013,
  title     = {Clean Code-Refactoring, Patterns, Testen und Techniken für sauberen Code: Deutsche Ausgabe},
  publisher = {MITP-Verlags GmbH \& Co. KG},
  year      = {2013},
  author    = {Martin, Robert C},
}

@Book{Kaplan2016,
  title     = {Artificial intelligence: What Everyone Needs to Know},
  publisher = {Oxford University Press},
  year      = {2016},
  author    = {Kaplan, Jerry},
}

@Book{Alpaydin2016,
  title     = {Machine Learning: The New AI},
  publisher = {MIT Press},
  year      = {2016},
  author    = {Alpaydin, Ethem},
}

@Book{Schmidt2015,
  title     = {Wie Google tickt},
  publisher = {Frankfurt am Main u.a. : Campus-Verlag},
  year      = {2015},
  author    = {Eric Schmidt},
  edition   = {1. Aufl..},
}

@Book{Schaefer2015,
  title     = {Industrie 4.0 - Grundlagen und Anwendungen : Branchentreff der Berliner Wissenschaft und Industrie},
  publisher = {Berlin},
  year      = {2015},
  author    = {Schäfer, Stephan ; Pinnow, Carsten},
  edition   = {1. Auflage},
  isbn      = {ISBN 3-410-25780-2},
  pages     = {VIII, 319 Seiten : Illustrationen},
}

@Article{Bruehl2017,
  author   = {Brühl, Volker},
  title    = {Bitcoins, Blockchain und Distributed Ledgers},
  journal  = {Wirtschaftsdienst},
  year     = {2017},
  volume   = {97},
  number   = {2},
  month    = {Feb},
  pages    = {135--142},
  issn     = {1613-978X},
  doi      = {10.1007/s10273-017-2096-3},
  url      = {https://doi.org/10.1007/s10273-017-2096-3},
  abstract = {Virtuelle Währungen wie Bitcoins geraten zunehmend in den Blickpunkt des öffentlichen Interesses. Sie funktionieren auf Basis der Blockchain- bzw. Distributed-Ledger-Technologie. Volker Br{\"u}hl erl{\"a}utert ihre Funktionsweise und zeigt auf, dass diese Technologien nicht nur den Finanzsektor revolutionieren k{\"o}nnen.},
  day      = {01},
}

@Article{NiesseAstrid2018,
  author    = {Nieße, Astrid and Ihle, Norman and Balduin, Stephan and Postina, Matthias and Tröschel, Martin and Lehnhoff, Sebastian},
  title     = {Distributed ledger technology for fully automated congestion management},
  journal   = {Energy Informatics},
  year      = {2018},
  language  = {eng},
  volume    = {1},
  number    = {Supplement 1},
  pages     = {225--242},
  issn      = {2520-8942},
  abstract  = {Congestion management in distribution grids is an important task for distribution grid operators, both from a financial and a technological perspective. Whereas large generation units and large controllable loads might in general be controllable in a manual way, this is no option for small distributed generators and loads. With flexibility control in multiple owner scenarios, documentation, transparency and automation are of crucial importance. In this work, we present a fully automated congestion management approach based on a combination of distributed ledger technology and distributed algorithms in an agent-based architectural approach. We present a case study focused on the visualization of the concept and discuss the advantages and possible challenges for this approach. Whereas distributed ledger technology has been introduced for peer-to-peer energy trading within the last years, no similar approach has been presented yet for stable distribution grid management.},
  address   = {Cham},
  keywords  = {Congestion management ; Distributed energy scheduling ; Blockchain ; Distributed ledger technology ; Agent-based control},
  publisher = {Springer International Publishing},
}

@Article{Wilde2007,
  author    = {Wilde, Thomas and Hess, Thomas},
  title     = {{Forschungsmethoden der Wirtschaftsinformatik : Eine empirische Untersuchung.}},
  journal   = {Wirtschaftsinformatik},
  year      = {2007},
  language  = {English},
  volume    = {49},
  number    = {4},
  issn      = {0937-6429},
  abstract  = {Byline: Thomas Wilde (1), Thomas Hess (1) Keywords: Forschungsmethoden; Methodologie; Vergleich; Langsschnittanalyse; Empirische Studie; Information Systems; Research Methods; Methodology; Comparison; Longitudinal Analysis; Empirical Investigation; Information Systems Abstract (German): Vor dem Hintergrund aktueller Positionierungsdebatten ist eine genaue Kenntnis des Methodenprofils der Wirtschaftsinformatik zunehmend von Bedeutung. Der Beitrag zeigt anhand einer Literaturanalyse, dass sich das aktive Methodenspektrum der Wirtschaftsinformatik mit argumentativ-, konzeptionell- und formal-deduktiven Analysen, Prototyping, Fallstudien und quantitativen Querschnittanalysen aus sechs Kernmethoden zusammensetzt, die in 91% der Beitrage zum Einsatz kommen die WI in den letzten Jahren zunehmend auch quantitativ-empirische Methoden einsetzt, wahrend gleichzeitig der Anteil argumentativ-deduktiver Arbeiten zuruckgeht Fallstudien, konzeptionelle und formal-deduktive Analysen von WI und IS etwa in gleichem Umfang eingesetzt werden, Prototyping und argumentativ-deduktive Arbeiten das methodologische Spezifikum der Wirtschaftsinformatik und quantitativ-empirische Querschnittstudien sowie Laborexperimente das methodologische Spezifikum des Information Systems Research sind. Abstract: The german-speaking IS community sees itself as a methodological pluralist discipline. With respect to recent debates (e.g. on rigor versus relevance) an exact knowledge of its methodological profile becomes increasingly important. This contribution presents the findings of a content analysis of 300 articles published in the journal WIRTSCHAFTSINFORMATIK in the last ten years. As one result, the study identified six major methods of the german-speaking IS community: argumentative, conceptional and formal deductive research, prototyping, case studies and quantitative cross sectional studies. It could also be shown, that the methodological profile continually changed during the last ten years. The article also compares its findings with the current methodological profile of the anglo-american IS community based on a secondary data analysis. Author Affiliation: (1) Institut fur Wirtschaftsinformatik und Neue Medien, Ludwig-Maximilians-Universitat Munchen, Ludwigstrasse 28, 80539, Munchen, Germany Article History: Registration Date: 01/12/2007 Received Date: 30/04/2007 Accepted Date: 04/06/2007},
  publisher = {Springer},
}

@Misc{Efken2015,
  author   = {Efken, Josef and Deblitz, Claus and Kreins, Peter and Krug, Oliver and Kueest, Simon and Peter, Guenter and Hass, Marlen},
  title    = {{Stellungnahme zur aktuellen Situation der Fleischerzeugung und Fleischwirtschaft in Deutschland}},
  year     = {2015},
  language = {ger},
  url      = {http://purl.umn.edu/208593},
  keywords = {Agribusiness ; Food Consumption/Nutrition/Food Safety ; International Relations/Trade ; Livestock Production/Industries ; Agricultural Supply ; Cattle ; Hogs ; Poultry ; Meat ; Agricultural Trade ; Food Processing},
  series   = {Thünen Working Paper},
}

@Article{Hevner2004,
  author    = {Hevner, Alan R. and March, Salvatore T. and Park, Jinsoo and Ram, Sudha},
  title     = {Design Science in Information Systems Research},
  journal   = {MIS Quarterly},
  year      = {2004},
  language  = {eng},
  volume    = {28},
  number    = {1},
  pages     = {75--105},
  issn      = {02767783},
  abstract  = {Two paradigms characterize much of the research in the Information Systems discipline: behavioral science and design science. The behavioral-science paradigm seeks to develop and verify theories that explain or predict human or organizational behavior. The design-science paradigm seeks to extend the boundaries of human and organizational capabilities by creating new and innovative artifacts. Both paradigms are foundational to the IS discipline, positioned as it is at the confluence of people, organizations, and technology. Our objective is to describe the performance of design-science research in Information Systems via a concise conceptual framework and clear guidelines for understanding, executing, and evaluating the research. In the design-science paradigm, knowledge and understanding of a problem domain and its solution are achieved in the building and application of the designed artifact. Three recent exemplars in the research literature are used to demonstrate the application of these guidelines. We conclude with an analysis of the challenges of performing high-quality design-science research in the context of the broader IS community.},
  publisher = {Management Information Systems Research Center, University of Minnesota},
}

@Misc{Min2018,
  author    = {Min, Hokey},
  title     = {Blockchain technology for enhancing supply chain resilience},
  year      = {2018},
  month     = {Oct},
  url       = {https://doi.org/10.1016/j.bushor.2018.08.012},
  journal   = {Philosophical Transactions of the Royal Society B: Biological Sciences},
  publisher = {The Royal Society},
}

@InBook{Dujak2019,
  author    = {Dujak, Davor and Sajter, Domagoj},
  title     = {Blockchain Applications in Supply Chain},
  booktitle = {SMART Supply Network},
  year      = {2019},
  editor    = {Kawa, Arkadiusz and Maryniak, Anna},
  publisher = {Springer International Publishing},
  isbn      = {978-3-319-91668-2},
  pages     = {21--46},
  doi       = {10.1007/978-3-319-91668-2_2},
  url       = {https://doi.org/10.1007/978-3-319-91668-2_2},
  abstract  = {Blockchain is a technological concept which evolves from the first cryptocurrency, Bitcoin, and disrupts constantly enlarging areas of economy. The concept of Blockchain is developing, and while the future of Bitcoin remains unclear (as it is for the most elements of the economy) it is evident that the Blockchain holds enormous potential for large-scale improvements. However, being a technology that could decrease significance many of today's large global corporations, institutions and power structures which have keen interest in preserving established hierarchies, its potential could well remain unexploited. This paper aims to introduce and present the concept of Blockchain and its current applications in logistics and supply networks. Blockchain technology promises overpowering trust issues and allowing trustless, secure and authenticated system of logistics and supply chain information exchange in supply networks. The new implementations within supply chain are shifting from Blockchain to a wider notion of distributed ledger technologies. Paper presents description and rationale behind current and possible future applications of Blockchain in logistics and supply chain.},
  address   = {Cham},
}

@Article{Tribis2018,
  author    = {Youness Tribis and Abdelali El Bouchti and Houssine Bouayad},
  title     = {Supply Chain Management based on Blockchain: A Systematic Mapping Study},
  journal   = {{MATEC} Web of Conferences},
  year      = {2018},
  editor    = {B. Abou El Majd and H. El Ghazi},
  volume    = {200},
  pages     = {00020},
  doi       = {10.1051/matecconf/201820000020},
  url       = {https://doi.org/10.1051/matecconf/201820000020},
  publisher = {{EDP} Sciences},
}

@Article{Casino2019,
  author    = {Fran Casino and Thomas K. Dasaklis and Constantinos Patsakis},
  title     = {A systematic literature review of blockchain-based applications: Current status, classification and open issues},
  journal   = {Telematics and Informatics},
  year      = {2019},
  volume    = {36},
  month     = {mar},
  pages     = {55--81},
  doi       = {10.1016/j.tele.2018.11.006},
  url       = {https://doi.org/10.1016/j.tele.2018.11.006},
  publisher = {Elsevier {BV}},
}

@Article{Casado-Vara2018,
  author    = {Roberto Casado-Vara and Javier Prieto and Fernando De la Prieta and Juan M. Corchado},
  title     = {How Blockchain improves the supply chain: case study alimentary supply chain},
  journal   = {Procedia Computer Science},
  year      = {2018},
  volume    = {134},
  pages     = {393--398},
  doi       = {10.1016/j.procs.2018.07.193},
  url       = {https://doi.org/10.1016/j.procs.2018.07.193},
  publisher = {Elsevier {BV}},
}

@Article{Abeyratne2016,
  author    = {Abeyratne, Saveen A. and Monfared, R. P},
  title     = {Blockchain ready manufacturing supply chain using distributed ledger},
  journal   = {International Journal of Research in Engineering and Technology},
  year      = {2016},
  volume    = {05},
  number    = {09},
  month     = {sep},
  pages     = {1--10},
  doi       = {10.15623/ijret.2016.0509001},
  url       = {https://doi.org/10.15623/ijret.2016.0509001},
  publisher = {{eSAT} Publishing House},
}

@Article{Hevner2007,
  author  = {Hevner, Alan},
  title   = {A Three Cycle View of Design Science Research},
  journal = {Scandinavian Journal of Information Systems},
  year    = {2007},
  volume  = {19},
  month   = {01},
}

@Book{Engelhardt-Nowitzki2006,
  author   = {Engelhardt-Nowitzki, Corinna VerfasserIn},
  title    = {Chargenverfolgung : Möglichkeiten, Grenzen und Anwendungsgebiete},
  year     = {2006},
  language = {ger},
  series   = {Leobener Logistik Cases},
  isbn     = {9783835094826},
  keywords = {Produktionsprozess; Materialfluss; Rückverfolgbarkeit; Supply Chain Management; RFID; Economics; Business logistics; Business logistics; Economics; Aufsatzsammlung; s Produktionsprozess; s Materialfluss; s Rückverfolgbarkeit; s Supply Chain Management; s RFID},
}

@Article{Clark2018,
  author    = {Birgit Clark and Ruth Burstall},
  title     = {Blockchain, {IP} and the pharma industry{\textemdash}how distributed ledger technologies can help secure the pharma supply chain},
  journal   = {Journal of Intellectual Property Law {\&} Practice},
  year      = {2018},
  volume    = {13},
  number    = {7},
  month     = {apr},
  pages     = {531--533},
  doi       = {10.1093/jiplp/jpy069},
  url       = {https://doi.org/10.1093/jiplp/jpy069},
  publisher = {Oxford University Press ({OUP})},
}

@Article{Validi2014,
  author    = {Sahar Validi and Arijit Bhattacharya and P.J. Byrne},
  title     = {A case analysis of a sustainable food supply chain distribution system{\textemdash}A multi-objective approach},
  journal   = {International Journal of Production Economics},
  year      = {2014},
  volume    = {152},
  month     = {jun},
  pages     = {71--87},
  doi       = {10.1016/j.ijpe.2014.02.003},
  url       = {https://doi.org/10.1016/j.ijpe.2014.02.003},
  publisher = {Elsevier {BV}},
}

@Article{Li2014,
  author    = {Dong Li and Xiaojun Wang and Hing Kai Chan and Riccardo Manzini},
  title     = {Sustainable food supply chain management},
  journal   = {International Journal of Production Economics},
  year      = {2014},
  volume    = {152},
  month     = {jun},
  pages     = {1--8},
  doi       = {10.1016/j.ijpe.2014.04.003},
  url       = {https://doi.org/10.1016/j.ijpe.2014.04.003},
  publisher = {Elsevier {BV}},
}

@Article{Kim2018,
  author    = {Henry M. Kim and Marek Laskowski},
  title     = {Toward an ontology-driven Blockchain design for supply-chain provenance},
  journal   = {Intelligent Systems in Accounting, Finance and Management},
  year      = {2018},
  volume    = {25},
  number    = {1},
  month     = {jan},
  pages     = {18--27},
  doi       = {10.1002/isaf.1424},
  url       = {https://doi.org/10.1002/isaf.1424},
  publisher = {Wiley},
}

@Book{Burgwinkel2016,
  author    = {Burgwinkel, Daniel},
  title     = {{Blockchain Technology : Einführung für Business- und IT Manager}},
  year      = {2016},
  language  = {ger},
  publisher = {De Gruyter Oldenbourg},
  isbn      = {9783110488951},
  abstract  = {Das vorliegende Buch führt Business- und IT Manager in die neue Technologie Blockchain ein. In Beiträgen von verschiedenen Autoren wird die Funktionsweise der Blockchaintechnologie erläutert. Anhand der Blockchain-Plattform Hyperledger werden wichtige IT-Aspekte besprochen. Die Einsatzgebiete der Blockchaintechnologie werden anhand von Beispielen aus der Finanzindustrie und Energiehandel diskutiert. Checklisten helfen dem Leser das Potential und Auswirkungen von Blockchains auf das eigene Unternehmen zu erkennen. Abschließend werden die Aspekte des Vertrauens und der Sicherheit erörtert. Das Buch bildet die Grundlage eines dreitägigen Seminars an der Fachhochschule Nordwestschweiz und eignet sich auch zum Selbststudium. Daniel Burgwinkel, St. Gallen.},
  address   = {Berlin},
  keywords  = {Unternehmen; Blockchain; Datenmanagement; Datensicherung; s Unternehmen; s Blockchain; s Datenmanagement; s Datensicherung},
}

@InBook{Boese2006,
  author    = {B{\"o}se, Felix and Uckelmann, Dieter},
  title     = {Von der Chargenverfolgung zur Produktverfolgung --- Ver{\"a}nderungen in der logistischen R{\"u}ckverfolgung auf Basis innovativer Identifikationstechnologien},
  booktitle = {Chargenverfolgung: M{\"o}glichkeiten, Grenzen und Anwendungsgebiete},
  year      = {2006},
  editor    = {Engelhardt-Nowitzki, Corinna and Lackner, Elsabeth},
  publisher = {DUV},
  isbn      = {978-3-8350-9482-6},
  pages     = {133--148},
  doi       = {10.1007/978-3-8350-9482-6_9},
  url       = {https://doi.org/10.1007/978-3-8350-9482-6_9},
  abstract  = {In jungster Zeit ist die R{\"u}ckverfolgung von G{\"u}tern ℏer die einzelnen Produkti-ons- und Versandstufen entlang der Supply Chain von steigendem Interesse f{\"u}r Industrie, Gesetzgeber und Verbraucher. Im Rahmen dieses Beitrags soil ein {\"U}berblick uber Ver{\"a}nderungstreiber f{\"u}r den Einsatz der Chargenverfolgung gegeben und die damit verbundenen Auswirkungen auf die logistische Auftragsabwicklung dargelegt werden. Dazu werden innovative Technologien zur automatischen Identifikation vorgestellt, welche die Grundlage f{\"u}r die R{\"u}ckverfolgung von kompletten Chargen bis hin zum einzelnen Produkt erlauben. Die sich daraus ergebenden organisatorischen Anforderungen an die Chargen- und Produktverfolgung werden erl{\"a}utert und ihre Optimierungspotenziale sowie Grenzen anhand von Anwendungsbeispielen aufgezeigt.},
  address   = {Wiesbaden},
}

@PhdThesis{Hirbli2018,
  author = {Hirbli, Toufic},
  title  = {Palm oil traceability : Blockchain meets supply chain},
  year   = {2018},
  month  = {01},
}

@Misc{Siepermann2015,
  author    = {Siepermann, Christoph and Vahrenkamp, Richard and Siepermann, Markus and Amann, Markus},
  title     = {{Risikomanagement in Supply Chains : Gefahren abwehren, Chancen nutzen, Erfolg generieren}},
  year      = {2015},
  language  = {ger},
  address   = {Berlin},
  edition   = {2., neu bearbeitete Auflage.},
  isbn      = {3503158189},
  keywords  = {Risikomanagement; Supply Chain Management; Risikomanagement; Supply Chain Management; Aufsatzsammlung; Risikomanagement; Lieferkette; Lieferantenmanagement; Deutschland; Business logistics; Aufsatzsammlung; s Risikomanagement; s Supply Chain Management; s Risikomanagement; s Supply Chain Management; s Aufsatzsammlung},
  publisher = {Erich Schmidt Verlag},
}

@Book{Simon1996,
  author    = {Simon, Herbert A.},
  title     = {The sciences of the artificial},
  year      = {1996},
  language  = {eng},
  edition   = {3},
  publisher = {MIT Press},
  isbn      = {0262193744},
  keywords  = {Science -- Philosophy; Design; Angewandte Kunst r Oberbegriff allgemein; Gestaltung r Oberbegriff allgemein; Science Philosophy},
}

@Book{Peffers2012,
  title     = {Design Science Research in Information Systems. Advances in Theory and Practice},
  year      = {2012},
  editor    = {Ken Peffers and Marcus Rothenberger and Bill Kuechler},
  publisher = {Springer Berlin Heidelberg},
  doi       = {10.1007/978-3-642-29863-9},
  url       = {https://doi.org/10.1007/978-3-642-29863-9},
}

@Article{Kuechler2008,
  author    = {Bill Kuechler and Vijay Vaishnavi},
  title     = {On theory development in design science research: anatomy of a research project},
  journal   = {European Journal of Information Systems},
  year      = {2008},
  volume    = {17},
  number    = {5},
  month     = {oct},
  pages     = {489--504},
  doi       = {10.1057/ejis.2008.40},
  url       = {https://doi.org/10.1057/ejis.2008.40},
  publisher = {Informa {UK} Limited},
}

@Misc{Hevner2010,
  author    = {Hevner, Alan},
  title     = {{Design research in information systems : theory and practice}},
  year      = {2010},
  language  = {eng},
  address   = {New York, NY [u.a.},
  isbn      = {1441956522},
  keywords  = {Information technology -- Research; Design -- Research; Informationssystem; Datenstruktur; g Creation (Literary, artistic, etc.); g Technology; g Telematics; Information superhighway; Knowledge management; Information und Dokumentation r Verwandter Begriff; Design Research; Information technology Research},
  lccn      = {2010924526},
  publisher = {Springer},
  series    = {Integrated series in information systems 22},
}

@TechReport{Yergeau2008,
  author      = {Fran\c{c}ois Yergeau and Michael Sperberg-McQueen and Eve Maler and Jean Paoli and Tim Bray},
  title       = {{Extensible Markup Language ({XML}) 1.0 (Fifth Edition)}},
  institution = {W3C},
  year        = {2008},
  type        = {{W3C} Recommendation},
  note        = {http://www.w3.org/TR/2008/REC-xml-20081126/},
  month       = nov,
  bibsource   = {http://w2.syronex.com/jmr/w3c-biblio},
}

@Online{SAP2019,
  author       = {{SAP SE}},
  title        = {{IDocs (SAP Library}},
  year         = {2019},
  note         = {abgerufen am 06.03.2019},
  howpublished = {http://bit.ly/2tUpZhD},
  publisher    = {SAP SE},
}

@Misc{Menezes1997,
  author    = {Menezes, Alfred J.},
  title     = {Handbook of applied cryptography},
  year      = {1997},
  language  = {eng},
  address   = {Boca Raton [u.a.},
  edition   = {Rev. reprint with updates},
  isbn      = {0849385237},
  keywords  = {Kryptologie; Computer; Zugriffskontrolle; Computersicherheit r Oberbegriff allgemein; Hardware r Oberbegriff allgemein; Datenverarbeitung r Verwandter Begriff; Datenverarbeitungssystem r Verwandter Begriff; Chiffrierung r Verwandter Begriff; Steganographie r Verwandter Begriff; Kryptologe r Verwandter Begriff},
  publisher = {CRC Press},
  series    = {CRC Press series on discrete mathematics and its applications},
}

@Book{Trepper2015,
  author    = {Trepper, Tobias},
  title     = {Fundierung der Konstruktion agiler Methoden : Anpassung, Instanziierung und Evaluation der Methode PiK-AS},
  year      = {2015},
  language  = {ger},
  publisher = {Springer Fachmedien Wiesbaden},
  isbn      = {9783658100902},
  abstract  = {Tobias Trepper stellt die agil-systemische Methode PiK-AS vor und stellt in einem Anwendungsfall ihre Instanziierung dar. Agil-systemische, situationsspezifisch anpassbare Methoden bieten zielführende Lösungen, den Problemen im Projektmanagement zu begegnen und Projekte erfolgreich zum Ziel zu führen; denn nicht nur das Management von Großprojekten bringt Probleme mit sich, sondern es sind auch immer wieder „kleinere“ Softwareprojekte, die scheitern. Vor allem weiche, soziale Faktoren tragen hieran maßgeblichen Anteil. PiK-AS zeigt Ansätze zur Lösung auf. Der Inhalt Basistheorien von PiK-AS Erfolg in Projekten Die Methode PiK-AS Identifikation von Änderungsbedarf aus der Perspektive der Forschungsdisziplin IT-Management Anwendung von PiK-AS in der Praxis Die Zielgruppen Dozierende und Studierende der Wirtschaftsinformatik, der Informatik und des IT-Managements Praktiker im IT-Management, Softwareprojektmanagement, Projektmanagement und Betriebswirte Der Autor Dr. Tobias Trepper war langjähriger Mitarbeiter am Lehrstuhl für Wirtschaftsinformatik der Produktionsunternehmen der Universität Duisburg-Essen. Er ist als Certified Scrum Master und Projektmanager tätig},
  address   = {Wiesbaden s.l},
  keywords  = {Economics; Economics},
}

@Article{Tschorsch2016,
  author    = {Tschorsch, Florian and Scheuermann, Bjorn},
  title     = {Bitcoin and Beyond: A Technical Survey on Decentralized Digital Currencies},
  journal   = {IEEE Communications Surveys \& Tutorials},
  year      = {2016},
  language  = {eng},
  volume    = {18},
  number    = {3},
  pages     = {2084--2123},
  issn      = {1553-877X},
  abstract  = {<p>Besides attracting a billion dollar economy, Bitcoin revolutionized the field of digital currencies and influenced many adjacent areas. This also induced significant scientific interest. In this survey, we unroll and structure the manyfold results and research directions. We start by introducing the Bitcoin protocol and its building blocks. From there we continue to explore the design space by discussing existing contributions and results. In the process, we deduce the fundamental structures and insights at the core of the Bitcoin protocol and its applications. As we show and discuss, many key ideas are likewise applicable in various other fields, so that their impact reaches far beyond Bitcoin itself.</p>},
  keywords  = {Online Banking ; Tutorials ; Protocols ; Space Exploration ; Contracts ; Internet ; Cryptography ; Altcoins ; Bitcoin ; Blockchain ; Cryptocurrencies ; Digital Currencies ; Distributed Consensus ; Survey ; Tutorial ; Engineering},
  publisher = {IEEE},
}

@Online{LKV1993,
  author = {Bundesregierung},
  title  = {{{Los-Kennzeichnungs-Verordnung}}},
  year   = {1993},
  url    = {https://www.gesetze-im-internet.de/lkv/LKV.pdf},
}

@Online{QSR1996,
  author = {{{Food and Drug Administration}}},
  title  = {{{Quality System Regulation, Code of Federal Regulations 21 CFR Part 820, Verordnung zur Einführung von guten Herstellungspraktiken (Good Manufacturing Practice) für die Herstellung, Entwicklung, Validierung, Verpackung, Lagerung und Installation von Medizingeraten.}}},
  year   = {1996},
}

@Article{Otto2008,
  author    = {Otto, Johannes and Frost, M. and Doluschitz, R.},
  title     = {Ein Vergleich von Produkten und Rückverfolgbarkeitssystemen: Eine Studie über „Food“ und Blut},
  journal   = {Journal für Verbraucherschutz und Lebensmittelsicherheit},
  year      = {2008},
  language  = {ger},
  volume    = {3},
  number    = {3},
  pages     = {282--289},
  issn      = {1661-5751},
  abstract  = {Sowohl Produkte aus dem Bereich Lebensmittel als auch aus dem Bereich Blut und Blutprodukte bergen dann ein hohes Risikopotential, wenn schadhafte bzw. nicht sichere Produkte bei Verzehr bzw. Anwendung direkt in den menschlichen Körper aufgenommen werden. Aus diesem Grund hat der Gesetzgeber Rückverfolgbarkeitssysteme vorgeschrieben, welche für Lebensmittel bzw. für Blutprodukte in diesem Beitrag einem Vergleich unterzogen werden. Ferner werden die Eigenschaften von Lebensmitteln sowie von Blut und Blutprodukten miteinander verglichen und Gemeinsamkeiten und Unterschiede aufgezeigt. Ziel ist es, Elemente aus dem Bereich von Blut und Blutprodukten für den Bereich Lebensmittel zu übernehmen. Es zeigt sich dabei, dass der Gestaltungsspielraum der Verantwortlichen im Lebensmittelbereich größer ist als der im Transfusionswesen. Inwieweit Lebensmittelunternehmer Elemente der Rückverfolgbarkeitssysteme aus dem Transfusionswesen übernehmen können und sollen, bleibt jedem Lebensmittelunternehmer im Rahmen der gesetzlichen Vorgaben und seiner Verantwortung für sichere Lebensmittel selbst überlassen. Es sollte jedoch geprüft werden, welche Elemente im Lebensmittelsektor sinnvoll etabliert werden und zu höherer Transparenz in der Wertschöpfungskette beitragen können. Hierzu werden Empfehlungen erarbeitet.},
  address   = {Basel},
  keywords  = {Life Sciences ; Plant Genetics & Genomics ; Chemistry/Food Science, General ; Agriculture ; Biotechnology ; Food Science ; Life Sciences, General ; Lebensmittel ; Blut Und Blutprodukte ; Rückverfolgbarkeit ; Agriculture ; Diet & Clinical Nutrition;},
  publisher = {SP Birkhäuser Verlag Basel},
}

@Article{MäderR.2006o–Dz,
  author    = {Mäder, R.},
  title     = {organicXML – Datenstandard zur Rückverfolgbarkeit und Herkunftssicherung von Öko-Lebensmitteln},
  journal   = {Journal für Verbraucherschutz und Lebensmittelsicherheit},
  year      = {2006},
  language  = {eng},
  volume    = {1},
  number    = {2},
  pages     = {88--91},
  issn      = {1661-5751},
  address   = {Basel},
  keywords  = {Rückverfolgbarkeit ; Datenstandard ; Ökolebensmittel ; traceability},
  publisher = {Birkhäuser-Verlag},
}

@Article{SchröderUte2008CitT,
  author    = {Schröder, Ute},
  title     = {Challenges in the Traceability of Seafood},
  journal   = {Journal für Verbraucherschutz und Lebensmittelsicherheit},
  year      = {2008},
  language  = {eng},
  volume    = {3},
  number    = {1},
  pages     = {45--48},
  issn      = {1661-5751},
  abstract  = {The increasing global trade of foods and animal feeds have to be channelled in right directions to guarantee product safety, transparency and the protection of consumer health. According to this fact the European Regulation (EC) No 178/2002 lays down the common principle for implementing traceability systems in product supply chains. However, seafood is a highly perishable food item which is increasingly global traded so that a lot of particular conditions and difficulties more have to be taken into account compared to other food products. This review discusses the relevant regulations for traceability in seafood and gives a survey about the most important analysis techniques for characterizing seafood. Der zunehmende globale Handel von Lebensmitteln und Futtermitteln erfordert entsprechende rechtliche Vorgaben, sodass Produktsicherheit und Verbraucherschutz garantiert werden können. Um diesen Anforderungen Rechnung zu tragen, legt die europäische Verordnung (EC) No 178/2002 hierzu die generellen Prinzipien zur Einführung von Rückverfolgbarkeitssystemen in Produktlieferketten dar. Fischereiprodukte sind leicht verderbliche Lebensmittel, die im hohen Maß global gehandelt werden, und daher besondere Beachtung bezüglich spezieller Bedingungen und Schwierigkeiten finden müssen. Dieser Übersichtsartikel diskutiert die relevante Gesetzgebung in Bezug auf Rückverfolgbarkeit von Fischereiprodukten und gibt einen Überblick über die wichtigsten Analysenmethoden, die sich mit dieser Problematik beschäftigen.},
  address   = {Basel},
  keywords  = {Rückverfolgbarkeit ; traceability ; seafood safety ; labelling},
  publisher = {SP Birkhäuser Verlag Basel},
}

@Book{Guenther2012,
  author   = {Günther, Hans-Otto and Tempelmeier, Horst},
  title    = {Produktion und Logistik},
  year     = {2012},
  language = {eng},
  isbn     = {9783642251641},
  issn     = {9783642251658},
  keywords = {Electronic books},
}

@InProceedings{Trienekens2001,
  author    = {Trienekens, JH and Beulens, AJM},
  title     = {{{The implications of EU food safety legislation and consumer demands on supply chain information systems}}},
  booktitle = {11th Annual world food and agribusiness forum, Sydney},
  year      = {2001},
}

@Article{Zailani2010,
  author  = {Zailani, Suhaiza and Arrifin, Zainal and Abd Wahid, N and Othman, Rosly and Fernando, Yudi},
  title   = {{{Halal traceability and halal tracking systems in strengthening halal food supply chain for food industry in Malaysia (a review)}}},
  journal = {Journal of food Technology},
  year    = {2010},
  volume  = {8},
  number  = {3},
  pages   = {74--81},
}

@Book{Wegner-Hambloch2004,
  author    = {Wegner-Hambloch, Sylvia},
  title     = {{{R{\"u}ckverfolgbarkeit in der Praxis: Artikel 18 und 19 der VO (EG) Nr. 178/2002 schnell und einfach umgesetzt}}},
  year      = {2004},
  publisher = {Behr's Verlag DE},
}

@Article{Steins2015,
  author    = {Steins, Marc Oliver},
  title     = {{{Nur eine Schnittstelle für alle Kunden und Lieferanten - Pilotprojekt zu Traceability in der O+G-Branche - GS1 Standards als einheitliche Grundlage}}},
  journal   = {Lebensmittel Zeitung},
  year      = {2015},
  number    = {5},
  issn      = {0947-7527},
  abstract  = {Köln. Chargengenaue Identifikation und lückenlose Rückverfolgbarkeit sind bei frischem Obst und Gemüse bislang meist nur Wunschdenken. Jetzt wollen Händler und Lieferanten Fakten schaffen. Ein aktuelles Pilotprojekt von GS1 Germany zeigt: Mit dem Traceability-System F-Trace gelingt es, Lieferketten durchgehend transparent zu gestalten - und das Vertrauen der Verbraucher in Karotten, Paprika, Kiwis & Co. nachhaltig zu stärken.},
  keywords  = {Gemüse},
  publisher = {dfv Mediengruppe},
}

@Article{allgemeinefleischerzeitung2011,
  author    = {allgemeine fleischer zeitung},
  title     = {{{Weg von der Insellösung - Tönnies will GS1-Standard in F-Trace einbinden}}},
  journal   = {afz - allgemeine fleischer zeitung},
  year      = {2011},
  number    = {33},
  issn      = {0170-9828},
  publisher = {dfv Mediengruppe},
}

@Online{EPER2004,
  author       = {{Europa Parlament und Europäischer Rat}},
  title        = {{{Verordnung (EG) Nr. 852/2004 des Europäischen Parlaments und des Rates}}},
  year         = {2004},
  note         = {abgerufen am 30.03.2019},
  howpublished = {https://eur-lex.europa.eu/legal-content/DE/TXT/?uri=celex:32004R0852},
  publisher    = {EU},
}

@InProceedings{Andersen2001,
  author    = {David Andersen and Hari Balakrishnan and Frans Kaashoek and Robert Morris},
  title     = {Resilient overlay networks},
  booktitle = {Proceedings of the eighteenth {ACM} symposium on Operating systems principles},
  year      = {2001},
  publisher = {{ACM} Press},
  doi       = {10.1145/502034.502048},
  url       = {https://doi.org/10.1145/502034.502048},
}

@InBook{Beutelspacher2010,
  author    = {Beutelspacher, Albrecht and Neumann, Heike B. and Schwarzpaul, Thomas},
  title     = {Digitale Signaturen},
  booktitle = {{Kryptografie in Theorie und Praxis: Mathematische Grundlagen f{\"u}r Internetsicherheit, Mobilfunk und elektronisches Geld}},
  year      = {2010},
  publisher = {Vieweg+Teubner},
  isbn      = {978-3-8348-9631-5},
  pages     = {167--171},
  doi       = {10.1007/978-3-8348-9631-5_14},
  url       = {https://doi.org/10.1007/978-3-8348-9631-5_14},
  abstract  = {Digitale Signaturen sind neben den Public-Key-Verschl{\"u}sselungen der zweite wichtige Baustein der asymmetrischen Kryptografie. Wenn man den RSA-Algorithmus betrachtet, bei dem man ein Signaturschema dadurch konstruieren kann, dass man die Anwendungsreihenfolge der Schl{\"u}ssel vertauscht, so k{\"o}nnte man vermuten, dass man die Sicherheitsbegriffe der Verschl{\"u}sselung auch f{\"u}r die Signatur verwenden kann. Dass dem nicht so ist, kann man sich leicht an Hand der ElGamal-Signatur klarmachen: Die Signatur hat eine v{\"o}llig andere Struktur als die Verschl{\"u}sselung. Zu wissen, dass die Verschl{\"u}sselung sicher ist, reicht hier nicht aus, um Aussagen {\"u}ber die Sicherheit des Signaturschemas zu machen.},
  address   = {Wiesbaden},
}

@Article{Meier2018,
  author    = {Meier, Andreas and Stormer, Henrik},
  title     = {Blockchain = Distributed Ledger + Consensus},
  journal   = {{HMD} Praxis der Wirtschaftsinformatik},
  year      = {2018},
  volume    = {55},
  number    = {6},
  pages     = {1139--1154},
  publisher = {Springer Fachmedien Wiesbaden {GmbH}},
}

@Article{Tapscott2016,
  author  = {Tapscott, D. and Tapscott, A.},
  title   = {The Impact of the Blockchain Goes Beyond Financial Services},
  journal = {Harvard Business Review},
  year    = {2016},
  date    = {2016-05-10},
  url     = {https://hbr.org/2016/05/the-impact-of-the-blockchain-goes-beyond-financial-services},
}

@Article{Mills2016,
  author    = {David Mills and and Kathy Wang and Brendan Malone and Anjana Ravi and Jeff Marquardt and Clinton Chen and Anton Badev and Timothy Brezinski and Linda Fahy and Kimberley Liao and Vanessa Kargenian and Max Ellithorpe and Wendy Ng and Maria Baird},
  title     = {Distributed Ledger Technology in Payments, Clearing, and Settlement},
  journal   = {Finance and Economics Discussion Series},
  year      = {2016},
  volume    = {2016},
  number    = {095},
  month     = dec,
  doi       = {10.17016/feds.2016.095},
  url       = {https://doi.org/10.17016/feds.2016.095},
  publisher = {Board of Governors of the Federal Reserve System},
}

@Article{GOS2016,
  author  = {{Government Office for Science}},
  title   = {Distributed Ledger Technology: Beyond Block Chain: A Report by the UK Government Chief Scientific Adviser},
  journal = {London: Government Office for Science},
  year    = {2016},
  date    = {2019-06-20},
  url     = {https://www.gov.uk/government/uploads/system/uploads/attachment_data/file/492972/gs-16-1-distributed-ledger-technology.pdf},
}

@Article{Mattila2016,
  author = {Mattila, Juri and Seppälä, Timo and Naucler, Catarina and Stahl, Riitta and Tikkanen, Marianne and Bådenlid, Alexandra and Seppälä, Jane},
  title  = {{Industrial Blockchain Platforms: An Exercise in Use Case Development in the Energy Industry}},
  year   = {2016},
  date   = {2019-06-20},
  url    = {https://www.etla.fi/wp-content/uploads/ETLA-Working-Papers-43.pdf},
}

@Article{Nesta2017,
  author  = {Nesta},
  title   = {{2017 Will Be the Year Blockchain Is Harnessed by Individuals to Take Back Control of Their Online Lives, Says Eddie Copeland}},
  journal = {Nesta},
  year    = {2017},
  date    = {2019-06-20},
  url     = {http://www.nesta.org.uk/2017-predictions/blockchain-powers-personal-data-revolution?gclid=CKSei93-4dECFZG6Gwod2wsG0w#sthash.OJQ0Cnf5.dpuf},
}

@Article{Shackelford2016,
  author    = {Scott Shackelford and Steven Myers},
  title     = {{Block-by-Block: Leveraging the Power of Blockchain Technology to Build Trust and Promote Cyber Peace}},
  journal   = {{SSRN} Electronic Journal},
  year      = {2016},
  doi       = {10.2139/ssrn.2874090},
  url       = {https://doi.org/10.2139/ssrn.2874090},
  publisher = {Elsevier {BV}},
}

@Article{Bogart2016,
  author  = {Bogart, Spencer and Rice, Kerry},
  title   = {{Blockchain Report: Welcome to the INternet of Value}},
  journal = {{Needham \& Company LLC}},
  year    = {2016},
  date    = {2019-06-20},
}

@Article{Brandman2016,
  author  = {Brandman, G. and Thampapillai, S.},
  title   = {{Blockchain - Considering the Regulatory Horizon}},
  journal = {{Oxford Business Law Blog}},
  year    = {2016},
  date    = {2019-06-20},
}

@Article{Deloitte2016,
  author  = {Deloitte},
  title   = {{Blockchain: Enigma. Paradox. Opportunity}},
  journal = {London: Deloitte LLP},
  year    = {2016},
  date    = {2019-06-20},
}

@Article{Deshpande2017,
  author  = {Deshpande, Advait and Stewart, Katherine and Lepetit, Louise and Gunashekar, Salil},
  title   = {Distributed Ledger Technologies/Blockchain: Challenges, opportunities and the prospects for standards},
  journal = {Overview report The British Standards Institution (BSI)},
  year    = {2017},
}

@Article{Andreasyan2016,
  author  = {Andreasyan, Tanya},
  title   = {{ISITC Europe and Oasis to Define Technical Standards for Blockchain}},
  journal = {Banking Technology},
  year    = {2016},
  date    = {2019-06-20},
  url     = {http://www.bankingtech.com/608572/isitc-europe-and-oasis-to-define-technical-standards-for-blockchain/},
}

@Article{Barclays2016,
  author  = {Barclays},
  title   = {Cash Cows - How Blockchain Is Transforming Trade Finance},
  journal = {London: Barclays},
  year    = {2016},
  date    = {2019-06-20},
}

@Article{SWIFTInstitute2016,
  author  = {{SWIFT Institute}},
  title   = {Distributed Ledgers, Smart Contracts, Business Standards and ISO 2002},
  journal = {SWIFT},
  year    = {2016},
  date    = {2019-06-20},
}

@Article{POST2016,
  author  = {{Parliamentary Office of Science and Technology}},
  title   = {Distributed Ledgers - Closed POST Breakfast Event},
  journal = {London: Parliamentary Office of Science and Technology},
  year    = {2016},
  date    = {2019-06-20},
}

@Article{Mainellio2016,
  author  = {Mainellio, Michael and Mills, Simon},
  title   = {The Missing Links in the Chains? Mutual Distributed Ledger (aka Blockchain) Standards},
  journal = {London: Z/Yen Group},
  year    = {2016},
  date    = {2019-06-20},
}

@Online{McKinseyCompany2015,
  author = {{McKinsey \& Company}},
  title  = {{Beyond the Hype: Blockchains in Capital Markets}},
  year   = {2015},
  date   = {2019-06-20},
  url    = {https://www.mckinsey.com/industries/financial-services/our-insights/beyond-the-hype-blockchains-in-capital-markets},
}

@Online{EBAWGEAP2016,
  author = {{EBAWGEAP (Euro Banking Association Working Group on Electronic Alternative Payments)}},
  title  = {{Applying Cryptotechnologies to Trade Finance: Information Paper}},
  year   = {2016},
  date   = {2019-06-20},
  url    = {https://www.abe-eba.eu/media/azure/production/1339/applying-cryptotechnologies-to-trade-finance.pdf},
}

@Comment{jabref-meta: databaseType:biblatex;}
